@conference{Battjes1974,
  author = {Battjes, J. A.},
  title = {Surf similarity.},
  booktitle = {Proceedings of 14th Coastal Engineering Conference, Copenhagen, Denmark.},
  year = {1974},
  pages = {466-480},
  organization = {American Society of Civil Engineers, New York},
  owner = {marios},
  timestamp = {2015.01.16}
}
                  


@article{Christou2009,
author = {Christou, M and Hague, C H and Swan, C},
doi = {10.1016/j.enganabound.2008.10.005},
journal = {Engineering Analysis with Boundary Elements},
pages = {644--653},
title = {The reflection of nonlinear irregular surface water waves},
url = {http://dx.doi.org/10.1016/j.enganabound.2008.10.005},
volume = {33},
year = {2009}
}



@article{Christou2014,
author = {Christou, M and Ewans, K},
doi = {10.1175/JPO-D-13-0199.1},
journal = {Journal of Physical Oceanography},
pages = {2317--2335},
title = {Field Measurements of Rogue Water Waves},
url = {http://dx.doi.org/10.1175/JPO-D-13-0199.1},
volume = {44},
year = {2014}
}

                  

@article{Hughes2016a,
author = {Hughes, GO},
doi = {10.1017/jfm.2015.704},
journal = {Journal of Fluid Mechanics},
title = {Inside the head and tail of a turbulent gravity current},
url = {http://dx.doi.org/10.1017/jfm.2015.704},
volume = {790},
year = {2016}
}



@article{Hughes2016b,
author = {Hughes, GO and Linden, PF},
doi = {10.1017/jfm.2016.696},
journal = {Journal of Fluid Mechanics},
pages = {691--704},
title = {Mixing efficiency in run-down gravity currents},
url = {http://dx.doi.org/10.1017/jfm.2016.696},
volume = {809},
year = {2016}
}



@article{Spinneken2009a,
author = {Spinneken, J and Swan, C},
doi = {10.1016/j.oceaneng.2009.01.019},
journal = {Ocean Engineering},
pages = {539--548},
title = {Second-order wave maker theory using force-feedback control. {Part I}: A new theory for regular wave generation},
url = {http://dx.doi.org/10.1016/j.oceaneng.2009.01.019},
volume = 36,
year = 2009
}

                  

@article{Spinneken2009b,
author = {Spinneken, J and Swan, C},
doi = {10.1016/j.oceaneng.2009.01.007},
journal = {Ocean Engineering},
pages = {549--555},
title = {Second-order wave maker theory using force-feedback control. {Part II}: An experimental verification of regular wave generation},
url = {http://dx.doi.org/10.1016/j.oceaneng.2009.01.007},
volume = {36},
year = {2009}
}


                  

@article{Wu2016,
author = { Yanyun Wu and David Randell and Marios Christou and Kevin Ewans and Philip Jonathan},
title = {On the distribution of wave height in shallow water},
journal = {Coastal Engineering},
volume = {111},
pages = {39 - 49},
year = {2016},
doi = {http://dx.doi.org/10.1016/j.coastaleng.2016.01.015}
}